<?xml version = "1.0" encoding = "UTF-8"?><record>
  <leader>01340nam#a2200385#cb4500</leader>
  <controlfield tag="005">20210409002021.0</controlfield>
  <controlfield tag="007">tu</controlfield>
  <controlfield tag="008">080220|1998####gw############|||#|#ger#c</controlfield>
  <controlfield tag="003">DE-605</controlfield>
  <controlfield tag="001">990164827440206441</controlfield>
  <datafield tag="016" ind1="7" ind2=" ">
    <subfield code="a">1073265299</subfield>
    <subfield code="2">OCoLC</subfield>
  </datafield>
  <datafield tag="020" ind1=" " ind2=" ">
    <subfield code="a">3499223929</subfield>
    <subfield code="9">3-499-22392-9</subfield>
    <subfield code="0">(uri) http://www.isbnsearch.org/isbn/3499223929</subfield>
  </datafield>
  <datafield tag="035" ind1=" " ind2=" ">
    <subfield code="a">(DE-605)HT015440386</subfield>
  </datafield>
  <datafield tag="040" ind1=" " ind2=" ">
    <subfield code="a">385</subfield>
    <subfield code="b">ger</subfield>
    <subfield code="d">385</subfield>
    <subfield code="e">rakwb</subfield>
  </datafield>
  <datafield tag="041" ind1=" " ind2=" ">
    <subfield code="a">ger</subfield>
  </datafield>
  <datafield tag="044" ind1=" " ind2=" ">
    <subfield code="c">XA-DE</subfield>
  </datafield>
  <datafield tag="084" ind1=" " ind2=" ">
    <subfield code="a">Nordrhein-Westfalen</subfield>
    <subfield code="0">https://nwbib.de/spatial#N01</subfield>
    <subfield code="2">nwbib</subfield>
  </datafield>
  <datafield tag="084" ind1=" " ind2=" ">
    <subfield code="a">K&#252;nstler</subfield>
    <subfield code="0">https://nwbib.de/subjects#N841070</subfield>
    <subfield code="2">nwbib</subfield>
  </datafield>
  <datafield tag="100" ind1="1" ind2=" ">
    <subfield code="a">K&#246;nig, Ralf</subfield>
    <subfield code="d">1960-</subfield>
    <subfield code="0">(DE-588)119411970</subfield>
    <subfield code="4">aut</subfield>
    <subfield code="0">(uri) https://portal.dnb.de/opac.htm?method=simpleSearch&amp;cqlMode=true&amp;query=idn=119411970</subfield>
    <subfield code="0">(uri) http://viaf.org/viaf/sourceID/DNB|119411970</subfield>
    <subfield code="B">GND-119411970</subfield>
  </datafield>
  <datafield tag="245" ind1="1" ind2="0">
    <subfield code="a">Jago</subfield>
    <subfield code="b">Comic ; [nach Motiven aus den Dramen Othello, Macbeth, Romeo &amp; Julia und Ein Sommernachtstraum von William Shakespeare]</subfield>
    <subfield code="c">Ralf K&#246;nig</subfield>
  </datafield>
  <datafield tag="250" ind1=" " ind2=" ">
    <subfield code="a">Orig.-Ausg., 31. - 40. Tsd.</subfield>
  </datafield>
  <datafield tag="264" ind1=" " ind2="1">
    <subfield code="a">Reinbek bei Hamburg</subfield>
    <subfield code="b">Rowohlt-Taschenbuch-Verl.</subfield>
    <subfield code="c">1998</subfield>
  </datafield>
  <datafield tag="300" ind1=" " ind2=" ">
    <subfield code="a">181, VIII S.</subfield>
  </datafield>
  <datafield tag="490" ind1="1" ind2=" ">
    <subfield code="a">rororo</subfield>
    <subfield code="v">22392</subfield>
  </datafield>
  <datafield tag="591" ind1=" " ind2=" ">
    <subfield code="a">DNB/A28/1998</subfield>
  </datafield>
  <datafield tag="655" ind1=" " ind2="7">
    <subfield code="a">Bildband</subfield>
    <subfield code="0">(DE-588)4145395-5</subfield>
    <subfield code="2">gnd-content</subfield>
  </datafield>
  <datafield tag="689" ind1="0" ind2="0">
    <subfield code="a">K&#246;nig, Ralf</subfield>
    <subfield code="d">1960-</subfield>
    <subfield code="D">p</subfield>
    <subfield code="0">(DE-588)119411970</subfield>
    <subfield code="0">(uri) https://portal.dnb.de/opac.htm?method=simpleSearch&amp;cqlMode=true&amp;query=idn=119411970</subfield>
    <subfield code="0">(uri) http://viaf.org/viaf/sourceID/DNB|119411970</subfield>
    <subfield code="B">GND-119411970</subfield>
  </datafield>
  <datafield tag="689" ind1="0" ind2="1">
    <subfield code="a">Comic</subfield>
    <subfield code="D">s</subfield>
    <subfield code="0">(DE-588)4010427-8</subfield>
    <subfield code="0">(uri) https://portal.dnb.de/opac.htm?method=simpleSearch&amp;cqlMode=true&amp;query=idn=040104273</subfield>
    <subfield code="0">(uri) http://viaf.org/viaf/sourceID/DNB|040104273</subfield>
    <subfield code="B">GND-040104273</subfield>
  </datafield>
  <datafield tag="830" ind1=" " ind2="0">
    <subfield code="a">rororo</subfield>
    <subfield code="w">(DE-605)HT002091108</subfield>
    <subfield code="v">22392</subfield>
    <subfield code="9">O:1</subfield>
  </datafield>
  <datafield tag="960" ind1="1" ind2=" ">
    <subfield code="n">NWBib-6</subfield>
  </datafield>
  <datafield tag="964" ind1="0" ind2="s">
    <subfield code="F">030</subfield>
    <subfield code="A">a|1uc||||||17</subfield>
  </datafield>
  <datafield tag="964" ind1="0" ind2="s">
    <subfield code="F">050</subfield>
    <subfield code="A">a|||||||||||||</subfield>
  </datafield>
  <datafield tag="964" ind1="0" ind2="s">
    <subfield code="F">051</subfield>
    <subfield code="A">m|||||||</subfield>
  </datafield>
  <datafield tag="035" ind1=" " ind2=" ">
    <subfield code="a">(OCoLC)1073265299</subfield>
    <subfield code="0">(uri) http://www.worldcat.org/oclc/1073265299</subfield>
  </datafield>
  <datafield tag="035" ind1=" " ind2=" ">
    <subfield code="a">(DE-599)HBZHT015440386</subfield>
  </datafield>
  <datafield tag="MBD" ind1=" " ind2=" ">
    <subfield code="M">49HBZ_NETWORK</subfield>
    <subfield code="i">990164827440206441</subfield>
    <subfield code="n">HBZ Network</subfield>
  </datafield>
  <datafield tag="MNG" ind1=" " ind2=" ">
    <subfield code="c">System</subfield>
    <subfield code="f">ILS</subfield>
    <subfield code="i">marc21</subfield>
    <subfield code="k">01</subfield>
    <subfield code="e">false</subfield>
    <subfield code="d">2021-04-09 00:20:21 Europe/Berlin</subfield>
    <subfield code="g">016482744-HBZ01</subfield>
    <subfield code="j">60</subfield>
    <subfield code="a">import</subfield>
    <subfield code="b">2021-04-05 08:13:16 Europe/Berlin</subfield>
  </datafield>
  <datafield tag="GST" ind1=" " ind2=" ">
    <subfield code="a">Comic Strips</subfield>
    <subfield code="A">GND</subfield>
    <subfield code="B">GND-040104273</subfield>
    <subfield code="C">450</subfield>
  </datafield>
  <datafield tag="GST" ind1=" " ind2=" ">
    <subfield code="a">Comics</subfield>
    <subfield code="A">GND</subfield>
    <subfield code="B">GND-040104273</subfield>
    <subfield code="C">450</subfield>
  </datafield>
  <datafield tag="GST" ind1=" " ind2=" ">
    <subfield code="a">Comic Strip</subfield>
    <subfield code="A">GND</subfield>
    <subfield code="B">GND-040104273</subfield>
    <subfield code="C">450</subfield>
  </datafield>
  <datafield tag="GST" ind1=" " ind2=" ">
    <subfield code="a">Comicstrip</subfield>
    <subfield code="9">v:neue Rechtschreibung</subfield>
    <subfield code="A">GND</subfield>
    <subfield code="B">GND-040104273</subfield>
    <subfield code="C">450</subfield>
  </datafield>
  <datafield tag="GST" ind1=" " ind2=" ">
    <subfield code="a">Bande Dessine&#769;e</subfield>
    <subfield code="A">GND</subfield>
    <subfield code="B">GND-040104273</subfield>
    <subfield code="C">450</subfield>
  </datafield>
  <datafield tag="GSI" ind1="7" ind2=" ">
    <subfield code="a">http://d-nb.info/gnd/4010427-8</subfield>
    <subfield code="2">uri</subfield>
    <subfield code="A">GND</subfield>
    <subfield code="B">GND-040104273</subfield>
    <subfield code="C">024</subfield>
  </datafield>
  <datafield tag="GPN" ind1="1" ind2=" ">
    <subfield code="a">Ke&#772;nigs, Ralfs</subfield>
    <subfield code="d">1960-</subfield>
    <subfield code="A">GND</subfield>
    <subfield code="B">GND-119411970</subfield>
    <subfield code="C">400</subfield>
  </datafield>
  <datafield tag="GPN" ind1="1" ind2=" ">
    <subfield code="a">King, Ralph</subfield>
    <subfield code="d">1960-</subfield>
    <subfield code="A">GND</subfield>
    <subfield code="B">GND-119411970</subfield>
    <subfield code="C">400</subfield>
  </datafield>
  <datafield tag="GPN" ind1="1" ind2=" ">
    <subfield code="a">Konig, Ralf</subfield>
    <subfield code="d">1960-</subfield>
    <subfield code="A">GND</subfield>
    <subfield code="B">GND-119411970</subfield>
    <subfield code="C">400</subfield>
  </datafield>
  <datafield tag="GSI" ind1="7" ind2=" ">
    <subfield code="a">http://d-nb.info/gnd/119411970</subfield>
    <subfield code="2">uri</subfield>
    <subfield code="A">GND</subfield>
    <subfield code="B">GND-119411970</subfield>
    <subfield code="C">024</subfield>
  </datafield>
  <datafield tag="GPN" ind1="1" ind2=" ">
    <subfield code="a">Ke&#772;nigs, Ralfs</subfield>
    <subfield code="d">1960-</subfield>
    <subfield code="A">GND</subfield>
    <subfield code="B">GND-119411970</subfield>
    <subfield code="C">400</subfield>
  </datafield>
  <datafield tag="GPN" ind1="1" ind2=" ">
    <subfield code="a">King, Ralph</subfield>
    <subfield code="d">1960-</subfield>
    <subfield code="A">GND</subfield>
    <subfield code="B">GND-119411970</subfield>
    <subfield code="C">400</subfield>
  </datafield>
  <datafield tag="GPN" ind1="1" ind2=" ">
    <subfield code="a">Konig, Ralf</subfield>
    <subfield code="d">1960-</subfield>
    <subfield code="A">GND</subfield>
    <subfield code="B">GND-119411970</subfield>
    <subfield code="C">400</subfield>
  </datafield>
  <datafield tag="GSI" ind1="7" ind2=" ">
    <subfield code="a">http://d-nb.info/gnd/119411970</subfield>
    <subfield code="2">uri</subfield>
    <subfield code="A">GND</subfield>
    <subfield code="B">GND-119411970</subfield>
    <subfield code="C">024</subfield>
  </datafield>
</record>